@misc{1,
author = {Ricky T. Q. Chen and Yulia Rubanova and Jesse Bettencourt and David Duvenaud},
title = {Neural Ordinary Differential Equations},
howpublished = {\url{https://arxiv.org/pdf/1806.07366.pdf}}
}
@misc{2,
author = {Zico Kolter and David Duvenaud and Matt Johnson},
title = {Deep Implicit Layers - Neural ODEs, Deep Equilibirum Models, and Beyond},
howpublished = {\url{https://implicit-layers-tutorial.org/}}
}
@misc{3,
author = {Ayan Das},
title = {Neural Ordinary Differential Equation (Neural ODE)},
howpublished = {\url{https://ayandas.me/blog-tut/2020/03/20/neural-ode.html}}
}

@misc{4,
author = {Hanshu Yan and Jiawei Du and Vincent Tan and Jiashi Feng},
title = {On Robustness of Neural Ordinary Differential Equations},
howpublished = {\url{https://openreview.net/forum?id=B1e9Y2NYvS}}
}

@misc{5,
author = {Amer Zayegh and Nizar Al Bassam},
title = {Neural Network Principles and Applications},
howpublished = {\url{https://www.researchgate.net/publication/329264107_Neural_Network_Principles_and_Applications}}
}

@misc{6,
author = {},
title = {Neural ODEs Introduction},
howpublished = {\url{https://www.youtube.com/watch?v=uPd0B0WhH5w}}
}

@misc{7,
author = {Gareth James and Daniela Witten and Trevor Hastie and Robert Tibshirani},
title = {An Introduction to Statistical Learning with Applications in R},
howpublished = {Springer}
}

@misc{8,
author = {},
title = {Stanford CS229: Machine Learning | Autumn 2018, Lecture 11, 12, 13},
howpublished = {https://www.youtube.com/playlist?list=PLoROMvodv4rMiGQp3WXShtMGgzqpfVfbU}
}

@misc{9,
author = {Christophe Troestler},
title = {Introduction à l'Analyse Numérique},
year = {2018-2019},
howpublished = {Université de MONS}
}